@ARTICLE{Wolpert92stackedgeneralization,
    author = {David H. Wolpert},
    title = {Stacked Generalization},
    journal = {Neural Networks},
    year = {1992},
    volume = {5},
    pages = {241--259}
}
@article{GEURTS2006,
    year={2006},
    issn={0885-6125},
    journal={Machine Learning},
    volume={63},
    number={1},
    doi={10.1007/s10994-006-6226-1},
    title={Extremely randomized trees},
    url={http://dx.doi.org/10.1007/s10994-006-6226-1},
    publisher={Kluwer Academic Publishers},
    keywords={Supervised learning; Decision and regression trees; Ensemble methods; Cut-point randomization; Bias/variance tradeoff; Kernel-based models},
    author={Pierre Geurts and Damien Ernst and Louis Wehenkel},
    pages={3-42},
    language={English}
}

@inproceedings{Salles:2015:BEO:2766462.2767747,
    author = {Thiago Salles and Gon\c{c}alves, Marcos and Rodrigues, Victor and Rocha, Leonardo},
    title = {BROOF: Exploiting Out-of-Bag Errors, Boosting and Random Forests for Effective Automated Classification},
    booktitle = {Proceedings of the 38th International ACM SIGIR Conference on Research and Development in Information Retrieval},
    series = {SIGIR '15},
    year = {2015},
    isbn = {978-1-4503-3621-5},
    location = {Santiago, Chile},
    pages = {353--362},
    numpages = {10},
    url = {http://doi.acm.org/10.1145/2766462.2767747},
    doi = {10.1145/2766462.2767747},
    acmid = {2767747},
    publisher = {ACM},
    address = {New York, NY, USA},
    keywords = {boosting, classification, random forests},
} 

@inproceedings{Canuto:2015:ESM:2766462.2767743,
    author = {S{\'e}rgio Canuto and Marcos Gon\c{c}alves and Wisllay Santos and Thierson Rosa and Wellington Martins},
    title = {An Efficient and Scalable MetaFeature-based Document Classification Approach Based on Massively Parallel Computing},
    booktitle = {Proceedings of the 38th International ACM SIGIR Conference on Research and Development in Information Retrieval},
    series = {SIGIR '15},
    year = {2015},
    isbn = {978-1-4503-3621-5},
    location = {Santiago, Chile},
    pages = {333--342},
    numpages = {10},
    url = {http://doi.acm.org/10.1145/2766462.2767743},
    doi = {10.1145/2766462.2767743},
    acmid = {2767743},
    publisher = {ACM},
    address = {New York, NY, USA},
    keywords = {document classification, meta-features, parallelism},
}

@inproceedings{Lucchese:2015:QFA:2766462.2767733,
    author = {Lucchese, Claudio and Nardini, Franco Maria and Orlando, Salvatore and Perego, Raffaele and Tonellotto, Nicola and Venturini, Rossano},
    title = {QuickScorer: A Fast Algorithm to Rank Documents with Additive Ensembles of Regression Trees},
    booktitle = {Proceedings of the 38th International ACM SIGIR Conference on Research and Development in Information Retrieval},
    series = {SIGIR '15},
    year = {2015},
    isbn = {978-1-4503-3621-5},
    location = {Santiago, Chile},
    pages = {73--82},
    numpages = {10},
    url = {http://doi.acm.org/10.1145/2766462.2767733},
    doi = {10.1145/2766462.2767733},
    acmid = {2767733},
    publisher = {ACM},
    address = {New York, NY, USA},
    keywords = {cache-aware algorithms, efficiency, learning to rank},
} 

@unpublished{Salles:Proposal:2015,
    author = {Thiago Salles and Gon\c{c}alves, Marcos and Rocha, Leonardo},
    title = {Random Forest based Classifiers for Classification Tasks with Noisy Data},
    year = {2015},
    keywords = {document classification, lazy, boosting, random forest},
}

@book{Cord:2008:MLT:1370948,
 author = {Cord, Matthieu and Cunningham, Pdraig and Cord, Matthieu and Cunningham, Pdraig},
 title = {Machine Learning Techniques for Multimedia: Case Studies on Organization and Retrieval (Cognitive Technologies)},
 year = {2008},
 isbn = {354075170X, 9783540751700},
 edition = {1},
 publisher = {Springer-Verlag TELOS},
 address = {Santa Clara, CA, USA},
 chapter={2}
} 


@techreport{Segal::2004,
    author={Segal, M. R.},
    year={2004},
    title={Machine Learning Benchmarks and Random Forest Regression}
    institution= {University of California},
    publisher={eScholarship Repository}
}

@book{Hastie:2009:ESL,
author={Hastie, T. and Tibshirani, R., and Friedman, J. H.},
year={2009}, 
title={The Elements of Statistical Learning}
publisher={Springer}
}

@article{Statnikov:2008:ccrfsvm,
    author={Statnikov, A. and Wang, L. and and Aliferis, C. F},
    year={2008},
    comp={A comprehensive comparison of random forests and support vector machines for microarray-based cancer classification},
    journal={ BMC bioinformatics 9(1):319+}
}

@article{Li:2009:wrsm,
author={Li, X. and Zhao, H},
year={2009},
title={Weighted random subspace method for high dimensional data classification},
journal={Statistics and Its Interface},
volume{2},
edition={2},
pages={153â€“159}
}

@article{Breiman:2001:1010933404324,
    year={2001},
    issn={0885-6125},
    journal={Machine Learning},
    volume={45},
    number={1},
    doi={10.1023/A:1010933404324},
    title={Random Forests},
    url={http://dx.doi.org/10.1023/A%3A1010933404324},
    publisher={Kluwer Academic Publishers},
    keywords={classification; regression; ensemble},
    author={Breiman, Leo},
    pages={5-32},
    language={English}
}

@article{Breiman:1996:BP:231986.231989,
 author = {Breiman, Leo},
 title = {Bagging Predictors},
 journal = {Mach. Learn.},
 issue_date = {Aug. 1996},
 volume = {24},
 number = {2},
 month = aug,
 year = {1996},
 issn = {0885-6125},
 pages = {123--140},
 numpages = {18},
 url = {http://dx.doi.org/10.1023/A:1018054314350},
 doi = {10.1023/A:1018054314350},
 acmid = {231989},
 publisher = {Kluwer Academic Publishers},
 address = {Hingham, MA, USA},
 keywords = {aggregation, averaging, bootstrap, combining},
} 

